@misc{GOW2020,
  title={Topics in Combinatorics - Cambridge Tripos Lecture Notes},

  author={Timothy Gowers},
  year={2020},
  
}
@article{BUSH1991,
  title={Besicovitch type maximal operators and applications to Fourier analysis},
  author={Bourga'in, Jean},
  journal={Geometric \& Functional Analysis GAFA},
  volume={1},
  number={2},
  pages={147--187},
  year={1991},
  publisher={Springer}
}
@book{GUTH2016,
  title={Polynomial Methods in Combinatorics},
  author={Guth, L.},
  isbn={9781470428907},
  lccn={2016007729},
  series={University Lecture Series},
  url={https://books.google.ie/books?id=t9ZTDAAAQBAJ},
  year={2016},
  publisher={American Mathematical Society}
}
@article{WOLFF1995,
abstract = {The purpose of this paper is to improve the known results (specifically [1]) concerning Lp boundedness of maximal functions formed using 1 x δ x ... x δ tubes.},
author = {Wolff, Thomas},
journal = {Revista Matemática Iberoamericana},
keywords = {Funciones maximales asociadas a curvas; Funciones de variación acotada; Espacio proyectivo; Operadores maximales; Kakeya maximal function; Besicovich maximal function; Hausdorff dimension; Kakeya set},
language = {eng},
number = {3},
pages = {651-674},
title = {An improved bound for Kakeya type maximal functions.},
url = {http://eudml.org/doc/39495},
volume = {11},
year = {1995},
}
@misc{DVIR2013,
      title={Incidence Theorems and Their Applications}, 
      author={Zeev Dvir},
      year={2013},
      eprint={1208.5073},
      archivePrefix={arXiv},
      primaryClass={math.CO}
}

@misc{ellenberg2016new,
      title={New bounds on curve tangencies and orthogonalities}, 
      author={Jordan S. Ellenberg and Jozsef Solymosi and Joshua Zahl},
      year={2016},
      eprint={1509.05821},
      archivePrefix={arXiv},
      primaryClass={math.CO}
}

@inproceedings{davies1971some,
  title={Some remarks on the Kakeya problem},
  author={Davies, Roy O},
  booktitle={Mathematical Proceedings of the Cambridge Philosophical Society},
  volume={69-3},
  pages={417--421},
  year={1971},
  organization={Cambridge University Press}
}

@misc{guth2008algebraic,
      title={Algebraic Methods in Discrete Analogs of the Kakeya Problem}, 
      author={Larry Guth and Nets Hawk Katz},
      year={2008},
      eprint={0812.1043},
      archivePrefix={arXiv},
      primaryClass={math.CO}
}
@misc{quilodran2009joints,
      title={The Joints problem in Rn}, 
      author={René Quilodrán},
      year={2009},
      eprint={0906.0555},
      archivePrefix={arXiv},
      primaryClass={math.CO}
}
@misc{kaplan2009lines,
      title={On lines and Joints}, 
      author={Haim Kaplan and Micha Sharir and Eugenii Shustin},
      year={2009},
      eprint={0906.0558},
      archivePrefix={arXiv},
      primaryClass={cs.CG}
}
